% general.bib
% Aaron Stump, 2/25/02
% 
% General references about Computer Science.

@book{CLR92,
title={{Introduction to Algorithms}},
author="T. Cormen and C. Leiserson and R. Rivest",
publisher="MIT Press",
year=1992}

@book{szasz63,
author={G. Sz\'{a}sz},
title={{Introduction to Lattice Theory}},
publisher="Academic Press",
year=1963}