@booklet{nist02,
title={{The Economic Impacts of Inadequate Infrastructure for Software Testing}},
author={{Research Triangle Institute}},
note={{Sponsored by the Department of Commerce's National Institute of Standards and Technology}},
year=2002}

@booklet{fbi05,
title={{2005 FBI Computer Crime Survey}},
author={{United States Federal Bureau of Investigation}}}

@manual{coq,
author={{The Coq Development Team}},
title={{The Coq Proof Assistant Reference Manual, Version V8.0}},
year=2004,
note="http://coq.inria.fr"}

@book{coqart,
author="Y. Bertot and P. Cast{\'e}ran",
title={{Interactive Theorem Proving and Program Development: Coq'Art: The Calculus of Inductive Constructions}},
publisher="Springer Verlag",
year=2004}
