@article{semanticweb01,
author="T. Berners-Lee and J. Hendler and O. Lassila",
title={{The Semantic Web}},
journal="Scientific American",
year=2001,
volume="May"}

@inproceedings{mcguinness+03,
author="D. McGuinness and P. da Silva",
title={{Infrastructure for Web Explanations}},
booktitle="In Proceedings of 2nd International Semantic Web Conference",
editor="D. Fensel and K. Sycara and J. Mylopoulos",
series="LNCS",
volume="2870",
year=2003,
publisher="Springer-Verlag",
pages="113--129"}