@TechReport{Vis97.sglr,
  author      = {E. Visser},
  title       = {Scannerless Generalized- {LR} Parsing},
  year        = {1997},
  month       = {July},
  number      = {P9707},
  institution = {Programming Research Group, University of Amsterdam},
  url         = {http://www.wins.uva.nl/pub/programming-research/reports/1997/P9707.ps.gz},
  pubcat      = {techreport},
}

@book{HoUl79,
title={{Introduction to Automata Theory, Languages, and Computation}},
author="J. Hopcroft and J. Ullman",
publisher="Addison-Wesley",
year=1979}

@book{App02,
title={{Modern Compiler Implementation in Java, 2nd edition}},
author="A. Appel",
publisher="Cambridge University Press",
year=2002}

@book{tomita91,
editor="M. Tomita",
title={{Generalized LR Parsing}},
year=1991,
publisher=Kluwer}

