@inproceedings{longo95,
author="G. Longo and K. Milsted and S. Soloviev",
title="A Logic of Subtyping",
booktitle="IEEE Symposium on Logic in Computer Science",
pages= "292--300",
year= 1995}